@article{bag1966binomial,
  title={Binomial theorem in ancient India},
  author={Bag, Amulya Kumar},
  journal={Indian Journal of History of Science},
  volume={1},
  number={1},
  pages={68--74},
  year={1966},
  publisher={Indian National Science Academy}
}
