@article{weisstein2002binomial,
  title={Binomial theorem},
  author={Weisstein, Eric W},
  journal={https://mathworld. wolfram. com/},
  year={2002},
  publisher={Wolfram Research, Inc.}
}
