@inbook{ref=inbook,
author = {Berman, Leah and Williams, Gordon},
year = {2009},
month = {01},
pages = {},
title = {Euler's Formula}
}