@book{hcverma1992conceptsofphysics,
  title={Concepts of physics},
  author={H C Verma},
  year={1992},
  publisher={Bharati Bhawan Publications}
}