@inbook{inbook,
author = {Saslow, Wayne},
year = {2002},
month = {12},
pages = {145-183},
title = {Gauss's Law},
isbn = {9780126194555},
doi = {10.1016/B978-012619455-5.50004-8}
}