@article{Wang2016ProofOL,
  title={Proof of Lagrange Mean Value Theorem and Its Application in Text Design},
  author={Tichun Wang and Hongyang Zhang and Lei Tian},
  journal={Chemical engineering transactions},
  year={2016},
  volume={51},
  pages={325-330}
}
@article{Jiang_2020,
doi = {10.1088/1742-6596/1682/1/012058},
url = {https://dx.doi.org/10.1088/1742-6596/1682/1/012058},
year = {2020},
month = {nov},
publisher = {IOP Publishing},
volume = {1682},
number = {1},
pages = {012058},
author = {Yinshan Jiang},
title = {Discussion on the application of Lagrange mean value theorem},
journal = {Journal of Physics: Conference Series}
}