@article{sobko2014description,
  title={Description of evaporation curve by the generalized Van-der-Waals-Berthelot equation. Part I},
  author={Sobko, Aleksandr Aleksandrovich},
  journal={Journal of Physical Science and Application},
  volume={4},
  number={8},
  pages={524--530},
  year={2014}
}

@article{della2022van,
  title={From van der Waals equation to acid-base theory of surfaces: a chemical-mathematical journey},
  author={Della Volpe, C and Siboni, S},
  journal={Reviews of Adhesion and Adhesives},
  volume={10},
  number={1},
  year={2022}
}

@book{kondepudi2014modern,
  title={Modern thermodynamics: from heat engines to dissipative structures},
  author={Kondepudi, Dilip and Prigogine, Ilya},
  year={2014},
  publisher={John Wiley \& Sons}
}

@article{langbein2006theory,
  title={Theory of van der Waals Attraction},
  author={Langbein, Dieter},
  journal={Springer tracts in modern physics},
  pages={1--139},
  year={2006},
  publisher={Springer}
}
