@book{pierret1996semiconductor,
  title = {Semiconductor Device Fundamentals},
  author = {Pierret, Robert F.},
  year = {1996},
  publisher = {Pearson Education India}
}

@article{lange1995overview,
  title = {An Overview of Schr{\"o}dinger-Poisson Problems},
  author = {Lange, H. and Toomire, B. and Zweifel, P. F.},
  journal = {Reports on Mathematical Physics},
  volume = {36},
  number = {2-3},
  pages = {331--345},
  year = {1995},
  publisher = {Elsevier}
}
