  @misc{ enwiki:1160233109,
    author = "{Wikipedia contributors}",
    title = "Wave equation --- {Wikipedia}{,} The Free Encyclopedia",
    year = "2023",
    url = "https://en.wikipedia.org/w/index.php?title=Wave_equation&oldid=1160233109",
    note = "[Online; accessed 18-June-2023]"
  }