@book{principle,
  author    = {Zettili Nouredine},
  title     = {Quantum Mechanics: Concepts and Applications},
  year      = {2010},
  publisher = {Wiley},
  chapter   = {1},
  pages     = {28--29},
  section   = {1.5.1},
  note      = {Origins of Quantum Physics: Heisenberg's Uncertainty Principle}
}
