@article{ref=article,
author = {Ilakovac, Amon and Popov, Luka},
year = {2010},
month = {01},
pages = {},
title = {Two-step lorentz transformation of force},
volume = {19}
}
@article{ref=art,
author = {Sheng, Xin-Li and Li, Yang and Pu, Shi and Wang, Qun},
year = {2022},
month = {08},
pages = {1641},
title = {Lorentz Transformation in Maxwell Equations for Slowly Moving Media},
volume = {14},
journal = {Symmetry},
doi = {10.3390/sym14081641}
}