@book{slidesmdasigsys,
  title={Lecture Slides for Signals and Systems},
  author={Michael D. Adams},
  year={2016},
  publisher={Univeristy of Victoria}
}

@book{alanvosigsys,
  title={Signals and Systems},
  author={Alan V. Oppenheim},
  year={2003},
  publisher={Prentice-Hall International}
}


  
