@article{adams2013lecture,
  title={Lecture Slides for Continuous-Time Signals and Systems (Version: 2013-09-11)},
  author={Adams, Michael D},
  year={2013}
}

@book{oppenheim1997signals,
  title={Signals and systems},
  author={Oppenheim, Alan V and Willsky, Alan S and Nawab, Syed Hamid and Ding, Jian-Jiun},
  year={1997},
  publisher={Prentice hall Upper Saddle River, NJ}
}

@misc{ enwiki:1158213292,
    author = "{Wikipedia contributors}",
    title = "Laplace transform --- {Wikipedia}{,} The Free Encyclopedia",
    year = "2023",
    url = "https://en.wikipedia.org/w/index.php?title=Laplace_transform&oldid=1158213292",
    note = "[Online; accessed 18-June-2023]"
  }
