@book{Atkins,
  title={Atkins' Physical Chemistry - 9th Edition},
  author={Peter Atkins and Julio de Paula},
  
  volume={9},
  
  pages={125-128},
  year={2010},
  publisher={W. H. Freeman and Company}
}
