@misc{wiki,
  title = {Thermal expansion},
  author = "Wikipedia contributors",
  note = {Accessed: June 18, 2023},
  url = "https://en.wikipedia.org/wiki/Thermal_expansion",
  year = "2023"
}

@misc{Allvar,
  title = "What is Negative Thermal Expansion?",
  author = "Allvar Alloys",
  note = {Accessed: June 18, 2023},
  url = "https://allvaralloys.com/what-is-negative-thermal-expansion/",
  year = "2023"
}
