@book{thomas1952calculus
  title={Thomas'Calculus},
  author={Thomas, George B},
  year={1952},
  publisher={Pearson}
}
@book{singh2022multivariable,
  title={Functions of Several Variables},
  author={Singh, Arindama},
  
  
  year={2022},
  publisher={Indian Institute of Technology, Madras}
}
