

@book{ref=r1,
  author = {IUPAC},
  title = {Compendium of Chemical Terminology, 2nd ed. (the "Gold Book")},
  editor = {McNaught, A. D. and Wilkinson, A.},
  publisher = {Blackwell Scientific Publications},
  address = {Oxford},
  year = {1997},
  edition = {2nd},
  note = {Online version (2019-) created by Chalk, S. J.},
  isbn = {0-9678550-9-8},
  url = {https://doi.org/10.1351/goldbook}
}

@book{ref=r2,
  author = {Dou, Rupeng},
  title = {Deriving the Arrhenius Equation and the Pre-Exponential Factor},
  year = {2023},
  month = {April},
  note = {Preprint},
  doi = {10.20944/preprints202304.0215.v1}
}



