@misc{ enwiki:1156826028,
    author = "{Wikipedia contributors}",
    title = "Continuity equation --- {Wikipedia}{,} The Free Encyclopedia",
    year = "2023",
    url = "https://en.wikipedia.org/w/index.php?title=Continuity_equation&oldid=1156826028",
    note = "[Online; accessed 18-June-2023]"
  }
@inproceedings{seis2017quantitative,
  title={A quantitative theory for the continuity equation},
  author={Seis, Christian},
  booktitle={Annales de l'Institut Henri Poincar{\'e} C, Analyse non lin{\'e}aire},
  volume={34},
  number={7},
  pages={1837--1850},
  year={2017},
  organization={Elsevier}
}
@article{boris1976solution,
  title={Solution of continuity equations by the method of flux-corrected transport},
  author={Boris, J Pi and Book, DL},
  journal={Controlled Fusion},
  pages={85--129},
  year={1976}
}
