@article{ref=article,
author = {Tombe, Frederick},
year = {2011},
month = {12},
pages = {},
title = {Maxwell's Original Equations}
}