@book{arie,
title = "NCERT 11 PHYSICS",

volume = "First EditionPu",
pages = "83-86",
year = "2023-24",

author = "Nipendra Bhatnagar",
publication = "Educart Books"

}

