@article{newton,
  author       = {Verma, HC},
  title        = {Concepts of Physics},
  year         = {},
  journal      = {Gravitation},
  volume       = {1},
  number       = {11},
  pages        = {204},
}
