@book{doppler1842,
  title={Ãœber das farbige Licht der Doppelsterne und einige andere Gestirne des Himmels},
  author={Doppler, Christian},
  year={1842},
  publisher={Sitzungsberichte der kaiserlichen Akademie der Wissenschaften}
}
