@misc{ citation1,
   author = "{Wikipedia}",
   title = "\url{https://en.wikipedia.org/wiki/Vandermonde_matrix#Proofs}",
   url = "https://en.wikipedia.org/wiki/Vandermonde_matrix#Proofs"
 }
@misc{ citation2,
   author = "{Wikipedia}",
   title = "\url{https://en.wikipedia.org/wiki/DFT_matrix}",
   url = "https://en.wikipedia.org/wiki/DFT_matrix"
 }
 