@book{thomas2018calculus,
author = {George B Thomas},
title = {Calculus},
booktitle = {Thomas' Calculus},
year = {2018},
edition = {14th},
publisher = {Pearson},
chapter = {16},
section = {16.7},
pages = {1019 - 1031}
}
