@online{wiki,
    author       = "Wikipedia",
    title        = "Hooke's Law --- Wikipedia{,} The Free Encyclopedia",
    year         = "2023",
    url          = "https://en.wikipedia.org/wiki/Hooke%27s_law",
    urldate      = "Accessed Date (2023-06-18)"
}
@online{byjus,
    author       = "Byju's",
    title        = "What is Hooke's Law",
    year         = "2023",
    url          = "https://byjus.com/physics/hookes-law-equation-experiment/#:~:text=Hooke's% 20law% 20states%20that%20the,return%20to%20their%20initial%20state.",
    urldate      = "Accessed Date (2023-06-18)"
}


