@misc{https://doi.org/10.6084/m9.figshare.5668657.v1,
  doi = {10.6084/M9.FIGSHARE.5668657.V1},
  url = {https://scielo.figshare.com/articles/On_the_development_of_the_Navier-Stokes_equation_by_Navier/5668657/1},
  author = {Bistafa, Sylvio R.},
  keywords = {Applied Physics, 160506 Education Policy, FOS: Political science, FOS: Political science},
  title = {On the development of the Navier-Stokes equation by Navier},
  publisher = {SciELO journals},
  year = {2017},
  copyright = {Creative Commons Attribution 4.0 International}
}
