@article{Newton,
  title={4.3 Newtonâ€™s Second Law},
  author={Pryce, Rob},
  journal={Introduction to Biomechanics},
  year={2022}
}