 @misc{ enwiki:1140127449,
    author = "{Wikipedia contributors}",
    title = "Proofs of quadratic reciprocity --- {Wikipedia}{,} The Free Encyclopedia",
    year = "2023",
    url = "https://en.wikipedia.org/w/index.php?title=Proofs_of_quadratic_reciprocity&oldid=1140127449",
    note = "[Online; accessed 18-June-2023]"
  }
 @misc{ enwiki:1152801587,
    author = "{Wikipedia contributors}",
    title = "Gauss's lemma (number theory) --- {Wikipedia}{,} The Free Encyclopedia",
    year = "2023",
    url = "https://en.wikipedia.org/w/index.php?title=Gauss%27s_lemma_(number_theory)&oldid=1152801587",
    note = "[Online; accessed 18-June-2023]"
  }
