@book{Paul2021Physics2e,
  title={College Physics 2e},
  url = {https://openstax.org/books/physics/pages/5-3-projectile-motion}
  author={Paul Peter Urone, Professor Emeritus at},
  year={2021},
  edition={ 1st Edition}
  chapter={{5th}}
  Sub chapter={5.3}
  abstract = {This chapter discusses the motion of particles under the influence of gravity in a uniform gravitational field. It explores the kinematics and dynamics of projectiles, including concepts such as range, maximum height, and time of flight.}
  publisher={OpenStax.org}
}

@article{kerkar_2014,
url = {https://www.teachmint.com/tfile/studymaterial/class-11th/Physics/ProjectileMotionpdf/a590703d-7912-4fda-a322-fa6ffe3e1d58},
year = {2014},
pages = {18},
author = {Sourisha Kerkar},
title = {Motion in a Plane},
abstract = {The above provided notes contains all the formulas of projectiles, including concepts such as range, maximum height with solve examples 
}